<?xml version="1.0" encoding="utf-8"?>
<record xmlns="http://www.loc.gov/MARC21/slim" xmlns:xsi="http://www.w3.org/2001/XMLSchema-instance" xsi:schemaLocation="http://www.loc.gov/MARC21/slim http://www.loc.gov/standards/marcxml/schema/MARC21slim.xsd">
	<leader>     nam a22        4500</leader>
	<controlfield tag="001">1933767</controlfield>
	<controlfield tag="003">NIC</controlfield>
	<controlfield tag="006">m        d        </controlfield>
	<controlfield tag="007">cr cn |||m|||a</controlfield>
	<controlfield tag="008">150505s1962    le      ob    000 0 ara  </controlfield>
	<datafield ind1=" " ind2=" " tag="040">
		<subfield code="a">NNU</subfield>
		<subfield code="b">eng</subfield>
		<subfield code="e">rda</subfield>
		<subfield code="c">NNU</subfield>
	</datafield>
	<datafield ind1=" " ind2="4" tag="050">
		<subfield code="a">PJ7750.I2</subfield>
		<subfield code="b">Z83</subfield>
	</datafield>
	<datafield ind1="1" ind2=" " tag="100">
		<subfield code="6">880-01</subfield>
		<subfield code="a">Nājī, Munīr.</subfield>
	</datafield>
	<datafield ind1="1" ind2="0" tag="245">
		<subfield code="6">880-02</subfield>
		<subfield code="a">Ibn Hānīʼ al-Andalusī :</subfield>
		<subfield code="b">dars wa-naqd /</subfield>
		<subfield code="c">[taʼlīf] Munīr Nājī.</subfield>
	</datafield>
	<datafield ind1=" " ind2=" " tag="250">
		<subfield code="6">880-03</subfield>
		<subfield code="a">[al-Ṭabʻah al-ūlá].</subfield>
	</datafield>
	<datafield ind1=" " ind2=" " tag="260">
		<subfield code="6">880-04</subfield>
		<subfield code="a">[Bayrūt] :</subfield>
		<subfield code="b">Dār al-Nashr lil-Jāmiʻyīn,</subfield>
		<subfield code="c">[1962]</subfield>
	</datafield>
	<datafield ind1=" " ind2=" " tag="300">
		<subfield code="a">online resource (287 pages)</subfield>
	</datafield>
	<datafield ind1=" " ind2=" " tag="336">
		<subfield code="a">text</subfield>
		<subfield code="2">rdacontent</subfield>
	</datafield>
	<datafield ind1=" " ind2=" " tag="337">
		<subfield code="a">computer</subfield>
		<subfield code="2">rdamedia</subfield>
	</datafield>
	<datafield ind1=" " ind2=" " tag="338">
		<subfield code="a">online resource</subfield>
		<subfield code="2">rdacarrier</subfield>
	</datafield>
	<datafield ind1=" " ind2=" " tag="500">
		<subfield code="a">Part of the Arabic Collections Online (ACO) project, contributed by Cornell University Libraries.</subfield>
	</datafield>
	<datafield ind1=" " ind2=" " tag="504">
		<subfield code="a">Includes bibliographical references (pages 281-287).</subfield>
	</datafield>
	<datafield ind1="0" ind2=" " tag="505">
		<subfield code="6">880-05</subfield>
		<subfield code="a">Risālat al-Duktūrāh -- al-Maʻhad al-Isbānī al-ʻArabī lil-Dirāsāt al-Islāmīyah.</subfield>
	</datafield>
	<datafield ind1=" " ind2=" " tag="533">
		<subfield code="a">Electronic reproduction.</subfield>
		<subfield code="b">New York, N.Y. :</subfield>
		<subfield code="c">New York University,</subfield>
		<subfield code="d">2015.</subfield>
		<subfield code="5">NNU</subfield>
	</datafield>
	<datafield ind1="1" ind2="0" tag="600">
		<subfield code="6">880-06</subfield>
		<subfield code="a">Ibn Hānī al-Andalusī, Abū al-Qāsim Muḥammad,</subfield>
		<subfield code="d">937?-973.</subfield>
	</datafield>
	<datafield ind1="1" ind2="7" tag="600">
		<subfield code="a">Ibn Hānī al-Andalusī, Abū al-Qāsim Muḥammad,</subfield>
		<subfield code="d">937?-973</subfield>
		<subfield code="2">fast</subfield>
		<subfield code="0">(OCoLC)fst00089752</subfield>
	</datafield>
	<datafield ind1="2" ind2=" " tag="710">
		<subfield code="a">Cornell University.</subfield>
		<subfield code="b">Libraries.</subfield>
	</datafield>
	<datafield ind1="0" ind2=" " tag="730">
		<subfield code="a">Arabic Collections Online.</subfield>
	</datafield>
	<datafield ind1="0" ind2="8" tag="776">
		<subfield code="i">Online version:</subfield>
		<subfield code="a">Nājī, Munīr.</subfield>
		<subfield code="t">Ibn Hānīʼ al-Andalusī.</subfield>
		<subfield code="b">[al-Ṭabʻah al-ūlá].</subfield>
		<subfield code="d">[Bayrūt] Dār al-Nashr lil-Jāmiʻyīn [1962]</subfield>
		<subfield code="w">(OCoLC)568024608</subfield>
	</datafield>
	<datafield ind1="0" ind2="8" tag="776">
		<subfield code="i">Online version:</subfield>
		<subfield code="a">Nājī, Munīr.</subfield>
		<subfield code="t">Ibn Hānīʼ al-Andalusī.</subfield>
		<subfield code="b">[al-Ṭabʻah al-ūlá].</subfield>
		<subfield code="d">[Bayrūt] Dār al-Nashr lil-Jāmiʻyīn [1962]</subfield>
		<subfield code="w">(OCoLC)603712642</subfield>
	</datafield>
	<datafield ind1="0" ind2="8" tag="776">
		<subfield code="i">Print version:</subfield>
		<subfield code="a">Nājī, Munīr.</subfield>
		<subfield code="t">Ibn Hānīʼ al-Andalusī</subfield>
		<subfield code="w">(NIC)1933767</subfield>
		<subfield code="w">(DLC)ne 64003581 </subfield>
		<subfield code="w">(OCoLC)19468363</subfield>
	</datafield>
	<datafield ind1="4" ind2="0" tag="856">
		<subfield code="u">http://hdl.handle.net/2333.1/gmsbcf80</subfield>
	</datafield>
	<datafield ind1="1" ind2=" " tag="880">
		<subfield code="6">100-01/r</subfield>
		<subfield code="a">ناجي، منير.</subfield>
	</datafield>
	<datafield ind1="1" ind2="0" tag="880">
		<subfield code="6">245-02/r</subfield>
		<subfield code="a">ابن هانئ الأندلسي :</subfield>
		<subfield code="b">درس ونقد /</subfield>
		<subfield code="c">[تأليف] منير ناجي.</subfield>
	</datafield>
	<datafield ind1=" " ind2=" " tag="880">
		<subfield code="6">250-03/r</subfield>
		<subfield code="a">[الطبعة الأولى].</subfield>
	</datafield>
	<datafield ind1=" " ind2=" " tag="880">
		<subfield code="6">260-04/r</subfield>
		<subfield code="a">[بيروت] :</subfield>
		<subfield code="b">دار النشر للجامعيين،</subfield>
		<subfield code="c">[1962]</subfield>
	</datafield>
	<datafield ind1="0" ind2=" " tag="880">
		<subfield code="6">505-05/r</subfield>
		<subfield code="a">رسالة الدكتوراه  المعهد الاسباني العربي للدراسات الاسلامية.</subfield>
	</datafield>
	<datafield ind1="1" ind2="4" tag="880">
		<subfield code="6">600-06/r</subfield>
		<subfield code="a">ابن هاني الاندلسي، ٱبو القاسم محمد،</subfield>
		<subfield code="d">937?-973.</subfield>
	</datafield>
	<datafield ind1=" " ind2=" " tag="959">
		<subfield code="a">NNU</subfield>
		<subfield code="b">WEB</subfield>
		<subfield code="c">GENI</subfield>
		<subfield code="t">0</subfield>
		<subfield code="m">Electronic access</subfield>
		<subfield code="s">01</subfield>
	</datafield>
	<datafield ind1=" " ind2=" " tag="999">
		<subfield code="i">NIC_1933767</subfield>
		<subfield code="o">(OCoLC)ocm19468363</subfield>
		<subfield code="e">ok</subfield>
		<subfield code="s">cornell_aco000119</subfield>
	</datafield>
</record>
